<collection xmlns="http://www.loc.gov/MARC21/slim">
<record>
  <leader>02050nam0a2200349 i 450 </leader>
  <controlfield tag="001">IT\ICCU\CNCE\008268</controlfield>
  <controlfield tag="005">20180605000000.0</controlfield>
  <datafield tag="012" ind1=" " ind2=" ">
    <subfield code="a">o.re o.el a.no MaDi (3) 1551 (R)</subfield>
    <subfield code="2">fei</subfield>
  </datafield>
  <datafield tag="100" ind1=" " ind2=" ">
    <subfield code="a">19970101d1551        0itac0103    ba</subfield>
  </datafield>
  <datafield tag="101" ind1=" " ind2=" ">
    <subfield code="a">ITA</subfield>
  </datafield>
  <datafield tag="102" ind1=" " ind2=" ">
    <subfield code="a">IT</subfield>
  </datafield>
  <datafield tag="200" ind1="1" ind2=" ">
    <subfield code="a">Flamminia prudente. Nouelletta di Paolo Chaggio, composta per capriccio, &amp;  ̉commun diletto de gli amici</subfield>
  </datafield>
  <datafield tag="210" ind1=" " ind2=" ">
    <subfield code="a">In Vinegia</subfield>
    <subfield code="c">al segno del Pozzo</subfield>
    <subfield code="d">1551</subfield>
    <subfield code="e">\Venezia</subfield>
    <subfield code="g">Andrea Arrivabene!</subfield>
  </datafield>
  <datafield tag="215" ind1=" " ind2=" ">
    <subfield code="a">19, \1! c.</subfield>
    <subfield code="d">8ʻ</subfield>
  </datafield>
  <datafield tag="620" ind1=" " ind2=" ">
    <subfield code="a">IT</subfield>
    <subfield code="d">Venezia</subfield>
  </datafield>
  <datafield tag="700" ind1=" " ind2="1">
    <subfield code="a">Caggio,</subfield>
    <subfield code="b">Paolo</subfield>
    <subfield code="3">IT\ICCU\CNCA\002336</subfield>
  </datafield>
  <datafield tag="712" ind1="0" ind2="0">
    <subfield code="a">Arrivabene, Andrea</subfield>
    <subfield code="3">IT\ICCU\CNCT\000103</subfield>
    <subfield code="4">650</subfield>
  </datafield>
  <datafield tag="791" ind1="0" ind2="2">
    <subfield code="a">℗Al segno del ℗Pozzo</subfield>
    <subfield code="3">IT\ICCU\CNCT\003058</subfield>
    <subfield code="z">Arrivabene, Andrea</subfield>
  </datafield>
  <datafield tag="791" ind1="0" ind2="0">
    <subfield code="a">Arrivabenus, Andreas</subfield>
    <subfield code="3">IT\ICCU\CNCT\004259</subfield>
    <subfield code="z">Arrivabene, Andrea</subfield>
  </datafield>
  <datafield tag="791" ind1="0" ind2="0">
    <subfield code="a">Rivabenus, Andreas</subfield>
    <subfield code="3">IT\ICCU\CNCT\004260</subfield>
    <subfield code="z">Arrivabene, Andrea</subfield>
  </datafield>
  <datafield tag="801" ind1=" " ind2="3">
    <subfield code="a">IT</subfield>
    <subfield code="b">ICCU</subfield>
    <subfield code="c">20201113</subfield>
  </datafield>
  <datafield tag="899" ind1=" " ind2=" ">
    <subfield code="a">Biblioteca Apostolica Vaticana. Citt ̉del Vaticano</subfield>
    <subfield code="1">EX0001</subfield>
    <subfield code="2">ZCV 01</subfield>
  </datafield>
  <datafield tag="899" ind1=" " ind2=" ">
    <subfield code="a">Biblioteca nazionale centrale. Firenze</subfield>
    <subfield code="1">FI0098</subfield>
    <subfield code="2">CFI CF</subfield>
  </datafield>
  <datafield tag="899" ind1=" " ind2=" ">
    <subfield code="a">Archivio storico civico e Biblioteca Trivulziana. Milano</subfield>
    <subfield code="1">MI0327</subfield>
    <subfield code="2">LO1 13</subfield>
  </datafield>
  <datafield tag="899" ind1=" " ind2=" ">
    <subfield code="a">Biblioteca centrale della Regione siciliana Alberto Bombace. Palermo</subfield>
    <subfield code="1">PA0064</subfield>
    <subfield code="2">PAL BP</subfield>
  </datafield>
  <datafield tag="899" ind1=" " ind2=" ">
    <subfield code="a">Biblioteca nazionale centrale. Roma</subfield>
    <subfield code="1">RM0267</subfield>
    <subfield code="2">BVE CR</subfield>
  </datafield>
  <datafield tag="899" ind1=" " ind2=" ">
    <subfield code="a">Biblioteca Storica di Ateneo &quot;Arturo Graf&quot;. Torino</subfield>
    <subfield code="1">TO0529</subfield>
    <subfield code="2">UTO 23</subfield>
  </datafield>
  <datafield tag="899" ind1=" " ind2=" ">
    <subfield code="a">Biblioteca nazionale Marciana. Venezia</subfield>
    <subfield code="1">VE0049</subfield>
    <subfield code="2">VEA BM</subfield>
  </datafield>
  <datafield tag="911" ind1=" " ind2=" ">
    <subfield code="a">Sul front.</subfield>
    <subfield code="9">IT\ICCU\CNCM\002231</subfield>
  </datafield>
  <datafield tag="911" ind1=" " ind2=" ">
    <subfield code="a">In fine</subfield>
    <subfield code="9">IT\ICCU\CNCM\000372</subfield>
  </datafield>
  <datafield tag="921" ind1=" " ind2=" ">
    <subfield code="a">IT\ICCU\CNCM\002231</subfield>
    <subfield code="b">Naufrago (uomo barbuto che nuota verso la terraferma e indica con la sinistra un&apos;orsa sormontata da una stella). In cornice.</subfield>
    <subfield code="e">Al mare amor costei mi guida al verde</subfield>
    <subfield code="c">Z888</subfield>
    <subfield code="d">Dmensioni. 6,7</subfield>
    <subfield code="f">NAUFRAGO</subfield>
    <subfield code="f">UOMO</subfield>
    <subfield code="f">STELLA</subfield>
    <subfield code="f">ALMAREAMOR</subfield>
    <subfield code="g">1551-1553</subfield>
  </datafield>
  <datafield tag="921" ind1=" " ind2=" ">
    <subfield code="a">IT\ICCU\CNCM\000372</subfield>
    <subfield code="b">Tempo (vecchio barbuto e alato attinge con una ciotola acqua da un pozzo)</subfield>
    <subfield code="e">Pria che le labbra bagnerai la fronte.</subfield>
    <subfield code="c">A135</subfield>
    <subfield code="c">V263</subfield>
    <subfield code="c">Z982</subfield>
    <subfield code="d">Dimensioni: 6,2 x 8</subfield>
    <subfield code="f">ALI</subfield>
    <subfield code="f">CIOTOLA</subfield>
    <subfield code="f">POZZO</subfield>
    <subfield code="f">PRIACHELEL</subfield>
    <subfield code="f">VECCHIO</subfield>
    <subfield code="g">1550-1570</subfield>
  </datafield>
</record>
</collection>
